 @article{ammaribuffa2000,
 author = {H. Ammari and A. Buffa and J.-C. {N\'ed\'elec}},
 journal = {SIAM Journal on Applied Mathematics},
 number = {5},
 pages = {1805--1823},
 publisher = {Society for Industrial and Applied Mathematics},
 title = {A Justification of Eddy Currents Model for the Maxwell Equations},
 volume = {60},
 year = {2000}
}


@article{ledgerzaglmayr2010,
	author="P.D. Ledger and S. Zaglmayr",
	journal="Computer Methods in Applied Mechanics and Engineering",
	title="hp-Finite element simulation of three-diemensional eddy current problems on multiply connected domains",
	volume="199",
	year="2010",
	pages="3386-3401",
}


@article{Chatterjee2000,
	author="A. Chatterjee",
	title="An introduction to the proper orthogonal decomposition",
	journal="Current science",
	volume="78(7)",
	year="2000",
	page="808-817"
}

@book{HolmesLumleyBerkooz1996,
	author="P. Holmes and J. L. Lumley and G. Berkooz",
	title="Turbulence, Coherent Structures, Dynamical Systems and Symmetry",
	publisher="Cambridge University Press, Cambridge",
	year="1996"
}

@article{LedgerLionheart2019,
	author="P. D. Ledger and W. R. B. Lionheart",
	title="The spectral properties of the magnetic polarizability tensor for metallic object characterisation",
	journal="Math Meth Appl Sci.",
	year="2020",
	volume="43",
	pages="78-113"
}

@article{LedgerLionheart2016,
	author="P. D. Ledger and W. R. B. Lionheart",
	title="Understanding the magnetic polarizability tensor",
	journal="IEEE Trans Magn.",
	volume="52(5)",
	pages="6201216",
	year="2016"
}

@article{LedgerLionheart2018,
	author="P. D. Ledger and W. R. B. Lionheart",
	 title="An explicit formula for the magnetic polarizability tensor for object characterization",
	journal="{IEEE} Trans Geosci Remote Sens.",
	volume="56(6)",
	pages="3520-3533",
	year="2018"
}


@article{LedgerLionheartamad2019,
	author="P. D. Ledger and W. R. B. Lionheart and A.A.S. Amad",
	 title="Characterisation of multiple conducting permeable objects in metal detection by polarizability tensors",
	journal="Math Meth Appl Sci.",
	volume="42(3)",
	pages="830-860",
	year="2019"
}



@article{LedgerLionheart2015,
	author="P. D. Ledger and W. R. B. Lionheart",
	title="Characterising the shape and material properties of hidden targets from magnetic induction data",
	journal="IMA J. Appl. Math.",
	volume="80(6)",
	pages="1776-1798",
	year="2015"
}

@article{Seoane2019,
	author="M.Seoane and P. D. Ledger and A. J. Gil and S.Zlotnik and M. Mallett",
	title="A combined reduced order-full order methodology for the solution of 3D Magneto-mechanical problems with application to MRI scanners",
	note={Submitted},
	year="2019"
} 

@article{Ammari2014,
	author="H. Ammari and J. Chen and Z. Chen and J. Garnier and D. Volkov",
	title="Target detection and characterization from electromagnetic induction data",
	journal="J. Math. Pures Appl.",
	volume="101(1)",
	pages="54-75",
	year="2014"
}

@article{Wait1951,
	author="J. R. Wait",
	title="A conducting sphere in a time varying magnetic field",
	journal="Geophsics",
	volume="16(4)",
	pages="666-672",
	year="1951"
}

@article{SchoberlZaglmayr2005,
	author="J. {Sch\"{o}berl} and S. Zaglmayr",
	title="High order {N\`{e}d\`{e}lec} elements with local complete sequence properties",
 	journal="COMPEL-The International Journal for Computation and Mathematics in Electrical and Electronic Engineering",
	Volume="24(2)",
	pages="374-384",
	year="2005"
}


@techreport{NGSolve,
author="J. {Sch\"oberl}",
	title="C++11 Implementation of Finite Elements in NGSolve",
	institution="ASC Report 30/2014, Institute for Analysis and Scientific Computing, Vienna University of Technology",
	year="2014"
}
	
@phdthesis{zaglmayrphd,
	author="S. Zaglmayr",
	title="High Order Finite Elements for Electromagnetic Field Computation", 
	institution="Johannes Kepler University Linz",
	year="2006" 
}



@misc{NGSolveweb,
	title="NGSolve",
	howpublished="\url{https://ngsolve.org}",
	accessed="22/10/2019"
}


@misc{matplotlib,
        title="matplotlib",
        howpublished="\url{https://matplotlib.org}",
        accessed="22/10/2019"
}

@misc{python,
        title="python",
        howpublished="\url{https://www.python.org}",
        accessed="22/10/2019"
}

@article{wilsonledger2019,
	author="B. A. Wilson and P. D. Ledger",
	title="Efficient Computation of the Magnetic Polarizabiltiy Tensor Spectral Signature using POD",
	note="https://arxiv.org/abs/2001.07629",
	year="2020"
}

@misc{netgen,
        title="Netgen Documentaion",
        author="J. {Sch\"{o}berl}",
        howpublished="\url{http://netgen-mesher.sourceforge.net/docs/ng4.pdf}",
        accessed="25/10/2019"
}

@article{netgendet,
	author="J. {Sch\"{o}berl}",
	 title="NETGEN - An advancing front 2D/3D-mesh generator based on abstract rules",
	 journal="Computing and Visualization in Science",
	 volume="1(1)",
	 pages="41-52",
	 year="1997"
	}

@article{Rehim2015,
	author="O. A. Abdel Rehim and J. L. Davidson and L. A. Marsh and M. D. O'Toole and D. W. Armitage and A. J. Peyton",
	title="Measurement system for determining the magnetic polarizability tensor of small metal targets",
	journal="in Proc. IEEE Sensor Appl. Symp.",
	pages="1-5",
	year="2015"
}

@article{schmidt2008estimating,
  author="Schmidt, Kersten and Sterz, Oliver and Hiptmair, Ralf",
  title="Estimating the eddy-current modeling error",
  journal="IEEE transactions on Magnetics",
  volume="44",
  number="6",
  pages="686-689",
  year="2008",
  publisher="IEEE"
}


@article{ledger2020identification,
  title={Identification of Metallic Objects using Spectral MPT Signatures: Object Characterisation and Invariants},
  author={Ledger, PD and Wilson, BA and Amad, AAS and Lionheart, WRB},
  journal={arXiv preprint arXiv:2012.10376},
  year={2020}
}
